@Article{metaheuristic2010,
 author = {Lang Fan, Christine L. Mumford},
 title = {A metaheuristic approach to the urban transit routing problem},
 journal = {Journal of Heuristics},
 year = {2010},
 volume = {1},
 number = {16},
 pages = {353--372}
}

@InProceedings{memetic2011,
 author = {Zhao Hang, Xie Binglei},
 title = {A Memetic Algorithm for Optimization of Urban Transit Route Network},
 booktitle = {Seventth International Conference on Natural Computation},
 year = {2011},
 pages = {1899--1903}
}

@InProceedings{jiang2010improved,
  title={An improved Ant Colony algorithm for urban transit network optimization},
  author={Jiang, Hong and Yu, Qingsong and Huang, Yong},
  booktitle={Natural Computation (ICNC), 2010 Sixth International Conference on},
  volume={5},
  pages={2739--2743},
  year={2010},
  organization={IEEE}
}

@Article{vrprb,
author = {Josefowiez, Semet, Talbi},
title = {An evolutionary algorithm for the vehicle routing problem with route balancing},
journal =  {European Journal of Operational Research},
year = {2009},
volume = {195},
pages = {761--769}
}

@Article{ttvrp,
author = {K.C. Tan},
title = {A hybrid multiobjective evolutionary algorithm for solving truck and trailer vehicle routing problems},
journal = {European Journal or Operational Research},
year = {2006},
volume = {172},
pages = {855--885}
}

@InProceedings{events,
author = {D. Zhang, H. Wang, J. Tang},
title = {A hybrid genetic algorithm for the special transit route designing problem in mega-events},
booktitle =  {Control and Decision Conference, 25th Chinese},
year = {2013},
pages = {2426--2429}
}

@InProceedings{zhang2010multi,
 title={The multi-objective optimization algorithm to a simple model of urban transit routing problem},
 author={Zhang, Jie and Lu, Huapu and Fan, Lang},
 booktitle={Natural Computation (ICNC), 2010 Sixth International Conference on},
 volume={6},
 pages={2812--2815},
 year={2010},
 organization={IEEE}
}

@InProceedings{NewHaEOps,
 author = {Christine L. Mumford},
 title = {New Heuristic and Evolutionary Operators for the Multi-Objective Urban Transit Routing Problem},
 booktitle = {2013 IEEE Congress on Evolutionary Computation},
 year = {2013},
 pages = {939--946}
}

@article{GAUTRP,
 author = {Joanne Suk Chun Chew - Lai Soon Lee},
 title = {A Genetic Algorithm to the Urban Transit Routing Problem},
 journal = {International Journal of Modern Physics},
 volume = {9},
 series = {Conference},
 year = {2012},
}

@misc{datosGob,
author = {Gobierno de Chile},
title = {Portal de datos públicos},
year = {2013},
month = {Noviembre},
howpublished = {http://datos.gob.cl/datasets/ver/1587},
url = {http://datos.gob.cl/datasets/ver/1587}
}

@phdthesis{alarcon2010,
 title={Uso de herramientas de microsimulación para la definición de estrategias de control de tránsito para la ciudad de santiago},
 author={Victor Zuñiga Alarcón},
 year={2010},
 school={Universidad de Chile}
}


@article{cortes2009,
author = {Cristián Cortés and Pablo Rey and Priscila Molina and Mario Recabal and Sebastián Souyris},
title = {Uso de modelos de optimización para el apoyo a la operación de un alimentado de transantiago},
year = {2009}
}

@inproceedings{sia,
 booktitle = "",
 author = "Nareli Cruz Cortés y Carlos A. Coello Coello",
 title = "Un Sistema Inmune Artificial para Solucionar Problemas de Optimización Multiobjetivo",
 series = "Congreso Mexicano de Computación Evolutiva",
 year = "2003"
}

@book{introduction,
 author = "Leandro Nunes de Castro y Jon Timmis",
 title = "An Introduction to Artificial Inmune Systems: A New Computational Intelligence Paradigm",
 publisher = "Springer-Verlag",
 year = "2002"
}